/Users/erichlf/Research/QGE.FEM/QGE.bib